% Tipo de archivo: .bib.
% Objetivo del archivo: base de datos de las referencias bibliográficas.
%
@misc{wikipedia-juana,
  author = {Wikipedia contributors},
  month = {08},
  publisher = {Wikimedia Foundation},
  title = {Juana de Arco},
  url = {https://es.wikipedia.org/wiki/Juana_de_Arco},
  urldate = {2022-08-12},
  year = {2022},
  organization = {Wikipedia}
}

@misc{wikipedia-eleanor,
  author = {Wikipedia Contributors},
  month = {03},
  publisher = {Wikimedia Foundation},
  title = {Eleanor of Aquitaine},
  url = {https://en.wikipedia.org/wiki/Eleanor_of_Aquitaine},
  urldate = {2022-08-12},
  year = {2019},
  organization = {Wikipedia}
}

@misc{hoi4,
  author = {Paradox Interactive},
  title = {Hearts of Iron IV loading screens},
  year = {2016}
}

@book{juliocesar,
	author = {Cayo Julio César and José Joaquín Caerols Pérez},
	publisher = {Alianza},
	title = {Comentarios a la Guerra de las Galias},
	year = {2011}
}

@misc{cuadro-cesar-cleopatra,
  author = {Gérôme, Jean-Léon},
  title = {Cléopâtre et César},
  url = {https://commons.wikimedia.org/wiki/File:Cleopatra_and_Caesar_by_Jean-Leon-Gerome.jpg},
  urldate = {2022-08-13},
  year = {1866},
  organization = {Wikimedia Commons}
}

@misc{cuadro-rendicion-alesia,
  author = {Royer, Lionel},
  title = {Vercingetorix jette ses armes aux pieds de Jules César},
  url = {https://commons.wikimedia.org/wiki/File:Siege-alesia-vercingetorix-jules-cesar.jpg},
  year = {2019},
  organization = {Wikimedia.org}
}

@misc{overleaf_documentation,
  author = {Overleaf},
  title = {Documentation},
  url = {https://www.overleaf.com/learn},
  urldate = {2022-08-13},
  organization = {www.overleaf.com}
}

@misc{ctan,
  title = {CTAN: Comprehensive TeX Archive Network},
  url = {https://www.ctan.org/},
  organization = {www.ctan.org}
}

@misc{agenciaestatalboletnoficialdelestado_boees,
  keywords = {nor},
  author = {BOE},
  title = {BOE.es},
  url = {https://www.boe.es/},
  urldate = {2022-08-13},
  organization = {www.boe.es}
}